@misc{nnfs,
   author = {Harrison Kinsley and Daniel Kukieła},
   title = {Neural Networks from Scratch in Python},
   year = {2020}
}

@misc{gradconv:main,
  author = {Robert M. Gower},
  title = {Convergence Theorems for Gradient Descent},
  year = {2019}
}

@misc{gradconv_stochastic:0,
  author = {Lam M. Nguyen and Phuong Ha Nguyen and Peter Richtárik and Katya Scheinberg and Martin Takáč and Marten van Dijk},
  title = {New Convergence Aspects of Stochastic Gradient Algorithms},
  year = {2019},
  publisher = {Journal of Machine Learning Research}
}

@misc{gradconv_momentum:1,
  author = {Yanli Liu and Yuan Gao and Wotao Yin},
  title = {An Improved Analysis of Stochastic Gradient Descent with Momentum},
  year = {2020},
  publisher = {arXiv}
}

@article{gradconv_momentum:2,
  author = {Goh, Gabriel},
  title = {Why Momentum Really Works},
  journal = {Distill},
  year = {2017},
  url = {http://distill.pub/2017/momentum},
  doi = {10.23915/distill.00006}
}